<record><leader>00000cas a22000007a 4500</leader><controlfield tag="001">21389844</controlfield><controlfield tag="008">900418u1909uuuugaudr ne      0    0eng d</controlfield><datafield ind1=" " ind2=" " tag="010"><subfield code="a">sn 89053938 </subfield></datafield><datafield ind1=" " ind2=" " tag="040"><subfield code="a">NLG</subfield><subfield code="b">eng</subfield><subfield code="c">NLG</subfield><subfield code="d">GUA</subfield><subfield code="d">OCLCQ</subfield><subfield code="d">OCLCO</subfield><subfield code="d">OCLCA</subfield></datafield><datafield ind1="1" ind2=" " tag="029"><subfield code="a">AU@</subfield><subfield code="b">000025904114</subfield></datafield><datafield ind1=" " ind2=" " tag="042"><subfield code="a">msc</subfield></datafield><datafield ind1=" " ind2=" " tag="043"><subfield code="a">n-us-ga</subfield></datafield><datafield ind1="0" ind2=" " tag="130"><subfield code="a">Daily argus (Dalton, Ga.)</subfield></datafield><datafield ind1="1" ind2="4" tag="245"><subfield code="a">The Daily argus.</subfield></datafield><datafield ind1=" " ind2=" " tag="260"><subfield code="a">Dalton, Ga. :</subfield><subfield code="b">Argus Pub. Co.,</subfield><subfield code="c">[1909]</subfield></datafield><datafield ind1=" " ind2=" " tag="300"><subfield code="a">v.</subfield></datafield><datafield ind1=" " ind2=" " tag="310"><subfield code="a">Daily</subfield></datafield><datafield ind1=" " ind2=" " tag="530"><subfield code="a">Also on microfilm: Athens, Ga. : University of Georgia Libraries.</subfield></datafield><datafield ind1=" " ind2=" " tag="588"><subfield code="a">Description based on: Vol. 2, no. 116 (Apr. 25, 1910).</subfield></datafield><datafield ind1=" " ind2="0" tag="651"><subfield code="a">Dalton (Whitfield County, Ga.)</subfield><subfield code="v">Newspapers.</subfield></datafield><datafield ind1=" " ind2="0" tag="651"><subfield code="a">Whitfield County (Ga.)</subfield><subfield code="v">Newspapers.</subfield></datafield><datafield ind1=" " ind2=" " tag="752"><subfield code="a">United States</subfield><subfield code="b">Georgia</subfield><subfield code="c">Whitfield</subfield><subfield code="d">Dalton.</subfield></datafield><datafield ind1="0" ind2=" " tag="775"><subfield code="t">Dalton argus</subfield><subfield code="w">(DLC)sn 89053937</subfield><subfield code="w">(OCoLC)21370618</subfield></datafield></record>